/home/aaron/Documents/library.bib